%% This BibTeX bibliography file was created using BibDesk.
%% http://bibdesk.sourceforge.net/


%% Created for Nathan Cook at 2017-12-05 23:21:00 -0700 


%% Saved with string encoding Unicode (UTF-8) 



@inproceedings{Romanov_2016,
	Author = {A. Romanov and A. Valishev and D.L. Bruhwiler and N. Cook. and C. Hall},
	Booktitle = {Proceedings of NAPAC2016},
	Date-Added = {2017-12-06 06:19:49 +0000},
	Date-Modified = {2017-12-06 06:20:55 +0000},
	Number = {THPOA23},
	Title = {Adaptive Matching of the IOTA Ring Linear Optics for Space Charge Compensation},
	Year = {2016}}

@article{IOTA_techreport,
	Abstract = {The Integrable Optics Test Accelerator (IOTA) is a storage ring for advanced beam physics research currently being built and commissioned at Fermilab. It will operate with protons and electrons using injectors with momenta of 70 and 150 MeV/c, respectively. The research program includes the study of nonlinear focusing integrable optical beam lattices based on special magnets and electron lenses, beam dynamics of space-charge effects and their compensation, optical stochastic cooling, and several other experiments. In this article, we present the design and main parameters of the facility, outline progress to date and provide the timeline of the construction, commissioning and research. The physical principles, design, and hardware implementation plans for the major IOTA experiments are also discussed.},
	Author = {S. Antipov and D. Broemmelsiek and D. Bruhwiler and D. Edstrom and E. Harms and V. Lebedev and J. Leibfritz and S. Nagaitsev and C.S. Park and H. Piekarz and P. Piot and E. Prebys and A. Romanov and J. Ruan and T. Sen and G. Stancari and C. Thangaraj and R. Thurman-Keup and A. Valishev and V. Shiltsev},
	Date-Added = {2017-12-03 22:29:00 +0000},
	Date-Modified = {2017-12-03 22:29:00 +0000},
	Journal = {Journal of Instrumentation},
	Number = {03},
	Pages = {T03002},
	Title = {IOTA (Integrable Optics Test Accelerator): facility and experimental beam physics program},
	Url = {http://stacks.iop.org/1748-0221/12/i=03/a=T03002},
	Volume = {12},
	Year = {2017},
	Bdsk-Url-1 = {http://stacks.iop.org/1748-0221/12/i=03/a=T03002}}

@inproceedings{nagValDan:2010,
	Author = {S. Nagaitsev and A. Valishev and V. Danilov},
	Booktitle = {Proceedings of HB2010},
	Date-Added = {2017-12-03 22:23:07 +0000},
	Date-Modified = {2017-12-03 22:23:07 +0000},
	Keywords = {integrable optics},
	Number = {THO1D01},
	Title = {Nonlinear optics as a path to high-intensity circular machines},
	Year = {2010},
	Bdsk-File-1 = {YnBsaXN0MDDUAQIDBAUGJCVYJHZlcnNpb25YJG9iamVjdHNZJGFyY2hpdmVyVCR0b3ASAAGGoKgHCBMUFRYaIVUkbnVsbNMJCgsMDxJXTlMua2V5c1pOUy5vYmplY3RzViRjbGFzc6INDoACgAOiEBGABIAFgAdccmVsYXRpdmVQYXRoWWFsaWFzRGF0YV8QoC4uLy4uLy4uLy4uLy4uLy4uLy4uLy4uL1ZvbHVtZXMvc3dlYmJfYmFja3VwL1VzZXJzL3N3ZWJiL0RvY3VtZW50cy9oaWxhdC9SZWZlcmVuY2VzL05hZ2FpdHNldlZhbGlzaGV2RGFuaWxvdl9Ob25saW5lYXJPcHRpY3NIaWdoSW50ZW5zaXR5X0hCMjAxMF9wcm9jZWVkaW5ncy5wZGbSFwsYGVdOUy5kYXRhTxECggAAAAACggACAAAMc3dlYmJfYmFja3VwAAAAAAAAAAAAAAAAAAAAyrU4uEgrAAAAAu9BH05hZ2FpdHNldlZhbGlzaGV2RGFuaSMyRUY0NC5wZGYAAAAAAAAAAAAAAAAAAAAAAAAAAAAAAAAAAAAAAAAAAAAC70TK/QaHAAAAAAAAAAD/////AAAJAAAAAAAAAAAAAAAAAAAAAApSZWZlcmVuY2VzABAACAAAyrWNGAAAABEACAAAyv1o9wAAAAEAFAAC70EAAu9AAALvPgAC7xcAAutoAAIAWHN3ZWJiX2JhY2t1cDpVc2VyczoAc3dlYmI6AERvY3VtZW50czoAaGlsYXQ6AFJlZmVyZW5jZXM6AE5hZ2FpdHNldlZhbGlzaGV2RGFuaSMyRUY0NC5wZGYADgCaAEwATgBhAGcAYQBpAHQAcwBlAHYAVgBhAGwAaQBzAGgAZQB2AEQAYQBuAGkAbABvAHYAXwBOAG8AbgBsAGkAbgBlAGEAcgBPAHAAdABpAGMAcwBIAGkAZwBoAEkAbgB0AGUAbgBzAGkAdAB5AF8ASABCADIAMAAxADAAXwBwAHIAbwBjAGUAZQBkAGkAbgBnAHMALgBwAGQAZgAPABoADABzAHcAZQBiAGIAXwBiAGEAYwBrAHUAcAASAHQvVXNlcnMvc3dlYmIvRG9jdW1lbnRzL2hpbGF0L1JlZmVyZW5jZXMvTmFnYWl0c2V2VmFsaXNoZXZEYW5pbG92X05vbmxpbmVhck9wdGljc0hpZ2hJbnRlbnNpdHlfSEIyMDEwX3Byb2NlZWRpbmdzLnBkZgATABUvVm9sdW1lcy9zd2ViYl9iYWNrdXAA//8AAIAG0hscHR5aJGNsYXNzbmFtZVgkY2xhc3Nlc11OU011dGFibGVEYXRhox0fIFZOU0RhdGFYTlNPYmplY3TSGxwiI1xOU0RpY3Rpb25hcnmiIiBfEA9OU0tleWVkQXJjaGl2ZXLRJidUcm9vdIABAAgAEQAaACMALQAyADcAQABGAE0AVQBgAGcAagBsAG4AcQBzAHUAdwCEAI4BMQE2AT4DxAPGA8sD1gPfA+0D8QP4BAEEBgQTBBYEKAQrBDAAAAAAAAACAQAAAAAAAAAoAAAAAAAAAAAAAAAAAAAEMg==}}

@article{danilovNagaitsev:2010,
	Author = {V. Danilov and S. Nagaitsev},
	Date-Added = {2017-12-03 22:22:50 +0000},
	Date-Modified = {2017-12-03 22:22:50 +0000},
	Journal = {Phys. Rev. ST -- Acc. Beams},
	Keywords = {KAM, integrable optics, acc_phys},
	Number = {084002},
	Title = {Nonlinear accelerator lattices with one and two analytic invariants},
	Volume = {13},
	Year = {2010}}

@article{pellegrini:69,
	Author = {C. Pellegrini},
	Date-Added = {2017-12-03 22:22:37 +0000},
	Date-Modified = {2017-12-03 22:22:37 +0000},
	Journal = {Nuovo Cimento},
	Keywords = {wake fields},
	Number = {2},
	Pages = {447-473},
	Title = {{On a new instability in electron-positron storage rings (The head-tail instability)}},
	Volume = {64A},
	Year = {1969}}

@article{talman:82,
	Author = {R. Talman},
	Date-Added = {2017-12-03 22:22:24 +0000},
	Date-Modified = {2017-12-03 22:22:24 +0000},
	Journal = {Nucl. Instrum. Methods},
	Keywords = {wake fields},
	Number = {3},
	Pages = {423-435},
	Title = {{The influence of finite synchrotron oscillation frequency on the transverse head-tail effect}},
	Volume = {193},
	Year = {1982}}

@article{ferlinghi_pellegrini_touschek:66,
	Author = {E. Ferlenghi and C. Pellegrini and B. Touschek},
	Date-Added = {2017-12-03 22:22:11 +0000},
	Date-Modified = {2017-12-03 22:22:11 +0000},
	Journal = {Nuovo Cimento},
	Keywords = {wake fields},
	Number = {2},
	Pages = {253-275},
	Title = {{The transverse resistive-wall instability of extremely relativistic beams of electrons and positrons}},
	Volume = {44},
	Year = {1966}}

@article{courant_sessler:66,
	Author = {E. D. Courant and A. M. Sessler},
	Date-Added = {2017-12-03 22:21:59 +0000},
	Date-Modified = {2017-12-03 22:21:59 +0000},
	Journal = {Rev. Sci. Instr.},
	Keywords = {wake fields},
	Number = {1579},
	Title = {{Transverse coherent resistive instabilities of azimuthally bunched beams in particle accelerators}},
	Volume = {37},
	Year = {1966}}

@inproceedings{bruhwiler:95,
	Author = {D. L. Bruhwiler},
	Booktitle = {AIP Conf. Proc.},
	Date-Added = {2017-12-03 22:21:36 +0000},
	Date-Modified = {2017-12-03 22:21:36 +0000},
	Keywords = {halo},
	Pages = {219-233},
	Title = {Lowest-Order Phase Space Structure of a Simplified Beam Halo Hamiltonian},
	Volume = {377},
	Year = {1995}}

@techreport{jameson:94,
	Author = {R.A. Jameson},
	Date-Added = {2017-12-03 22:21:23 +0000},
	Date-Modified = {2017-12-03 22:21:23 +0000},
	Institution = {Los Alamos National Laboratory},
	Keywords = {halo},
	Number = {LA-UR-94-3753},
	Title = {Self-Consistent Beam Halo Studies \& Halo Diagnostic Development in a Continuous Linear Focusing Channel},
	Year = {1994}}

@inproceedings{oconnell_etal:93,
	Author = {J.S. O'Connell and T.P. Wangler and R.S. Mills and K.R. Crandall},
	Booktitle = {Proc. of Part. Accel. Conf.},
	Date-Added = {2017-12-03 22:21:10 +0000},
	Date-Modified = {2017-12-03 22:21:10 +0000},
	Keywords = {halo},
	Pages = {3657},
	Title = {Beam halo formation from space-charge dominated beams in uniform focusing channels},
	Year = {1993}}

@techreport{ess_report,
	Author = {S. Peggs and others},
	Date-Added = {2017-12-03 22:20:57 +0000},
	Date-Modified = {2017-12-03 22:20:57 +0000},
	Institution = {European Spallation Source},
	Title = {{ESS Technical Design Report}},
	Year = {2013}}

@techreport{pipii,
	Author = {V. Lebedev and others},
	Date-Added = {2017-12-03 22:20:48 +0000},
	Date-Modified = {2017-12-03 22:20:48 +0000},
	Institution = {FNAL},
	Number = {PIP-II DocDb 1},
	Title = {{"PIP-II Reference Design Report"}},
	Year = {2015}}

@article{gluckstern:94,
	Author = {R. L. Gluckstern},
	Date-Added = {2017-12-03 22:20:04 +0000},
	Date-Modified = {2017-12-03 22:20:04 +0000},
	Journal = {Phys. Rev. Lett.},
	Keywords = {space charge, halo},
	Number = {9},
	Pages = {1247-1250},
	Title = {Analytic Model for Halo Formation in High Current Ion Linacs},
	Volume = {73},
	Year = {1994}}

@unpublished{webb_etal:15b,
	Author = {S. D. Webb and D. L. Bruhwiler and A. Valishev and S. Nagaitsev and V. V. Danilov},
	Date-Added = {2017-12-03 22:19:14 +0000},
	Date-Modified = {2017-12-03 22:19:14 +0000},
	Note = {arXiv:1504.05981v2},
	Title = {{Chromatic and Dispersive Effects in Nonlinear Integrable Optics}},
	Year = {2015}}

@unpublished{webb:12,
	Author = {Stephen D. Webb and David L. Bruhwiler and Dan T. Abell and Andrei Shishlo and Viatcheslav Danilov and Sergei Nagaitsev and Alexander Valishev and Kirill Danilov and John R. Cary},
	Date-Added = {2017-12-03 22:19:14 +0000},
	Date-Modified = {2017-12-03 22:19:14 +0000},
	Keywords = {halo, integrable optics},
	Note = {{arXiv:1205:7083}},
	Title = {Effects of Nonlinear Decoherence on Halo Formation},
	Year = {2012}}

@article{Eldred_AAC_2017,
	Annote = {doi: 10.1063/1.4975901},
	Booktitle = {AIP Conference Proceedings},
	Da = {2017/03/06},
	Date = {2017/03/06},
	Date-Added = {2017-12-03 22:19:14 +0000},
	Date-Modified = {2017-12-03 22:19:14 +0000},
	Doi = {10.1063/1.4975901},
	Isbn = {0094-243X},
	Journal = {AIP Conference Proceedings},
	Journal1 = {AIP Conference Proceedings},
	M3 = {doi: 10.1063/1.4975901},
	Month = {2017/03/27},
	Number = {1},
	Pages = {100003},
	Publisher = {American Institute of Physics},
	Title = {Integrable RCS as a proposed replacement for Fermilab Booster},
	Ty = {JOUR},
	Url = {http://aip.scitation.org/doi/abs/10.1063/1.4975901},
	Volume = {1812},
	Year = {2017},
	Year1 = {2017},
	Bdsk-Url-1 = {http://aip.scitation.org/doi/abs/10.1063/1.4975901},
	Bdsk-Url-2 = {http://dx.doi.org/10.1063/1.4975901}}

@misc{synergia,
	Date-Added = {2017-05-17 17:11:07 +0000},
	Date-Modified = {2017-05-17 17:13:44 +0000},
	Howpublished = {\url{https://cdcvs.fnal.gov/redmine/projects/synergia2}},
	Title = {Synergia simulation package}}

@inproceedings{Webb:2015ton,
	Author = {Webb, Stephen and Bruhwiler, David and Danilov, Viatcheslav and Kishek, Rami and Nagaitsev, Sergei and Valishev, Alexander},
	Booktitle = {{Proceedings, 6th International Particle Accelerator Conference (IPAC 2015): Richmond, Virginia, USA, May 3-8, 2015}},
	Date-Added = {2017-05-17 17:08:27 +0000},
	Date-Modified = {2017-05-17 17:08:27 +0000},
	Pages = {MOPMA029},
	Slaccitation = {%%CITATION = INSPIRE-1417343;%%},
	Title = {{Experiences Simulating Nonlinear Integrable Optics}},
	Url = {http://accelconf.web.cern.ch/AccelConf/IPAC2015/papers/mopma029.pdf},
	Year = {2015},
	Bdsk-Url-1 = {http://accelconf.web.cern.ch/AccelConf/IPAC2015/papers/mopma029.pdf}}


@techreport{meller,
	Author = {R. E. Meller and A. W. Chao and J. M. Peterson and S. G. Peggs and M. 
	Furman},
	Date-Added = {2018-05-16 15:44:30 +0000},
	Date-Modified = {2018-05-16 15:46:13 +0000},
	Institution = {Superconducting Super Collider},
	Number = {SSC-N-360},
	Year = {1987}}

@article{o2013measurement,
	title={Measurement of non-linear insert magnets},
	author={O’Shea, FH and Agustsson, R and Murokh, A and Spranza, E}
}

@article{talman:86,
	Author = {S. G. Peggs and R. M. Talman},
	Date-Added = {2018-05-16 15:48:10 +0000},
	Date-Modified = {2018-05-16 15:52:28 +0000},
	Journal = {Ann. Rev. Nucl. Part. Sci.},
	Pages = {287-325},
	Title = {Nonlinear Problems in Accelerator Physics},
	Volume = {36},
	Year = {1986}}